@book{pisarski2006commuting,
  title={Commuting in America {III}},
  author={Pisarski, Alan},
  number={550},
  year={2006},
  publisher={Transportation Research Board}
}

@book{schrank2007urban,
  title={The 2007 Urban Mobility Report},
  author={Schrank, David L and Lomax, Timothy J},
  year={2007},
  publisher={Texas Transportation Institute, Texas A \& M University}
}